
@book{christianson_security_2011,
	address = {Berlin Heidelberg},
	series = {Lecture notes in computer science},
	title = {Security protocols {XVI}: 16th international workshop, {Cambridge}, {UK}, {April} 16-18, 2008 ; revised selected papers},
	isbn = {9783642221378 9783642221361},
	shorttitle = {Security protocols {XVI}},
	language = {eng},
	number = {6615},
	publisher = {Springer},
	editor = {Christianson, Bruce},
	year = {2011},
}
